<?xml version="1.0" encoding="UTF-8"?><collection xmlns="http://www.loc.gov/MARC21/slim"><record><leader>00374nam--2200133-i-4500</leader><controlfield tag="001">000002093</controlfield><controlfield tag="002">20161230</controlfield><controlfield tag="005">20161230201024</controlfield><controlfield tag="008">060222s1000------------r-----000-0-eng-d</controlfield><datafield ind1=" " ind2=" " tag="080"><subfield code="a">531.19:536.75</subfield></datafield><datafield ind1=" " ind2=" " tag="100"><subfield code="a">Ertel, Hans</subfield></datafield><datafield ind1=" " ind2=" " tag="245"><subfield code="a">Statistische-thermodynamik des vertikalen temperaturgradienten der atomsphare</subfield></datafield><datafield ind1=" " ind2=" " tag="260"><subfield code="a">Berlin, Akademie Verlag, 1954. 15 P</subfield></datafield><datafield ind1=" " ind2=" " tag="852"><subfield code="a">3446</subfield></datafield></record></collection>